<?xml version="1.0" encoding="utf-8"?>
<record xmlns="http://www.loc.gov/MARC21/slim" xmlns:xsi="http://www.w3.org/2001/XMLSchema-instance" xsi:schemaLocation="http://www.loc.gov/MARC21/slim http://www.loc.gov/standards/marcxml/schema/MARC21slim.xsd">
	<leader>     nam a22     Mi 4500</leader>
	<controlfield tag="001">5252366</controlfield>
	<controlfield tag="003">NjP</controlfield>
	<controlfield tag="006">m        d        </controlfield>
	<controlfield tag="007">cr cn |||m|||a</controlfield>
	<controlfield tag="008">200327m19589999iq a    o    f000 0 ara  </controlfield>
	<datafield ind1=" " ind2=" " tag="040">
		<subfield code="a">ZYU</subfield>
		<subfield code="b">ara</subfield>
		<subfield code="e">rda</subfield>
		<subfield code="c">ZYU</subfield>
	</datafield>
	<datafield ind1=" " ind2=" " tag="043">
		<subfield code="a">a-iq---</subfield>
	</datafield>
	<datafield ind1=" " ind2="4" tag="050">
		<subfield code="a">JQ1825.I773</subfield>
		<subfield code="b">I73 1958</subfield>
	</datafield>
	<datafield ind1="1" ind2=" " tag="110">
		<subfield code="a">Iraq.</subfield>
		<subfield code="b">Maḥkamah al-ʻAskarīyah al- ʻUlyā al-Khāṣṣah.</subfield>
	</datafield>
	<datafield ind1="1" ind2="0" tag="245">
		<subfield code="6">880-01</subfield>
		<subfield code="a">Muḥākamāt al- Maḥkamah al- ʻAskarīyah al- ʻUlyā al-Khāṣṣah :</subfield>
		<subfield code="b">al-maḥādir al-rasmīyah lil-jalasāt allatī ʻaqadathā al-Maḥkamah li-muḥākamat al-mutaʼāmirīn ʻalá salāmat al-watan wa-mufsidī nizām al-ḥukm /</subfield>
		<subfield code="c">iʻdād Hayʼat al-Tansīq fī al-Maḥkamah al-ʻAskarīyah al-ʻUlyā al-Khāṣṣah.</subfield>
	</datafield>
	<datafield ind1="3" ind2=" " tag="246">
		<subfield code="a">Maḥādir al-rasmīyah li-jalasāt al Maḥkamah al-ʻAskarīyah al-ʻUlyā al-Khāṣṣah</subfield>
	</datafield>
	<datafield ind1=" " ind2=" " tag="260">
		<subfield code="a">[Baghdād] :</subfield>
		<subfield code="b">Wizārat al-Difāʻ,</subfield>
		<subfield code="c">1958 [i.e. 1959-</subfield>
	</datafield>
	<datafield ind1=" " ind2=" " tag="300">
		<subfield code="a">online resource (volumes) :</subfield>
		<subfield code="b">illustrations</subfield>
	</datafield>
	<datafield ind1=" " ind2=" " tag="336">
		<subfield code="a">text</subfield>
		<subfield code="2">rdacontent</subfield>
	</datafield>
	<datafield ind1=" " ind2=" " tag="337">
		<subfield code="a">computer</subfield>
		<subfield code="2">rdamedia</subfield>
	</datafield>
	<datafield ind1=" " ind2=" " tag="338">
		<subfield code="a">online resource</subfield>
		<subfield code="2">rdacarrier</subfield>
	</datafield>
	<datafield ind1=" " ind2=" " tag="500">
		<subfield code="a">Cover title: al Maḥāḍir al-rasmīyah li-jalasāt al Maḥkamah al-ʻAskarīyah al- ʻUlyā al-Khāṣṣah.</subfield>
	</datafield>
	<datafield ind1=" " ind2=" " tag="500">
		<subfield code="a">At head of title: Wizar̄at al-Difāʻ, al-Qiyādah al-ʻĀmmah lil-Qūwāt al-Musallaḥah.</subfield>
	</datafield>
	<datafield ind1=" " ind2=" " tag="500">
		<subfield code="a">Part of the Arabic Collections Online (ACO) project, contributed by Princeton University Libraries.</subfield>
	</datafield>
	<datafield ind1=" " ind2=" " tag="533">
		<subfield code="a">Electronic reproduction.</subfield>
		<subfield code="b">New York, N.Y. :</subfield>
		<subfield code="c">New York University,</subfield>
		<subfield code="d">2020.</subfield>
		<subfield code="5">NNU</subfield>
	</datafield>
	<datafield ind1=" " ind2="0" tag="650">
		<subfield code="a">Trials (Political crimes and offenses)</subfield>
		<subfield code="z">Iraq</subfield>
	</datafield>
	<datafield ind1=" " ind2="7" tag="650">
		<subfield code="a">Trials (Political crimes and offenses)</subfield>
		<subfield code="2">fast</subfield>
		<subfield code="0">(OCoLC)fst01156388</subfield>
	</datafield>
	<datafield ind1=" " ind2="7" tag="651">
		<subfield code="a">Iraq.</subfield>
		<subfield code="2">fast</subfield>
		<subfield code="0">(OCoLC)fst01205757</subfield>
	</datafield>
	<datafield ind1="1" ind2=" " tag="710">
		<subfield code="a">Iraq.</subfield>
		<subfield code="b">Wizārat al-Difāʻ.</subfield>
	</datafield>
	<datafield ind1="2" ind2=" " tag="710">
		<subfield code="a">Princeton University.</subfield>
		<subfield code="b">Library.</subfield>
	</datafield>
	<datafield ind1="0" ind2=" " tag="730">
		<subfield code="a">Arabic Collections Online.</subfield>
	</datafield>
	<datafield ind1="0" ind2="8" tag="776">
		<subfield code="i">Print version:</subfield>
		<subfield code="a">Iraq. Maḥkamah al-ʻAskarīyah al- ʻUlyā al-Khāṣṣah.</subfield>
		<subfield code="t">Muḥākamāt al- Maḥkamah al- ʻAskarīyah al- ʻUlyā al-Khāṣṣah</subfield>
		<subfield code="w">(NjP)5252366</subfield>
		<subfield code="w">(DLC)   74236280 </subfield>
		<subfield code="w">(OCoLC)20721390</subfield>
	</datafield>
	<datafield ind1="4" ind2="0" tag="856">
		<subfield code="u">http://hdl.handle.net/2333.1/tmpg4qxm</subfield>
	</datafield>
	<datafield ind1="1" ind2=" " tag="880">
		<subfield code="6">110-00</subfield>
		<subfield code="a">العراق.</subfield>
		<subfield code="b">وزارة الدفاع.</subfield>
	</datafield>
	<datafield ind1="1" ind2="0" tag="880">
		<subfield code="6">245-01</subfield>
		<subfield code="a">محاكمات المحكمة العسكرية العليا الخاصة :</subfield>
		<subfield code="b">المحاضر الرسمية للجلسات التي عقدثها المحكمة لمحاكمة المتٱمرين على سلامة الوطن و مفسدي نظام الحكم /</subfield>
		<subfield code="c">اعداد هيئة التنسيق في المحكمة العسكرية العليا الخاصة.</subfield>
	</datafield>
	<datafield ind1=" " ind2=" " tag="880">
		<subfield code="6">260-00</subfield>
		<subfield code="a">[بغداد] :</subfield>
		<subfield code="b">وزارة الدغاع،</subfield>
		<subfield code="c">1962.</subfield>
	</datafield>
	<datafield ind1=" " ind2=" " tag="959">
		<subfield code="a">NNU</subfield>
		<subfield code="b">WEB</subfield>
		<subfield code="c">GENI</subfield>
		<subfield code="t">0</subfield>
		<subfield code="m">Electronic access</subfield>
		<subfield code="s">01</subfield>
	</datafield>
	<datafield ind1=" " ind2=" " tag="999">
		<subfield code="i">NjP_5252366</subfield>
		<subfield code="o">(OCoLC)ocm20721390 </subfield>
		<subfield code="s">princeton_aco003660:juz 3</subfield>
		<subfield code="e">(ERROR-880)</subfield>
	</datafield>
</record>
